<?xml version="1.0" encoding="UTF-8"?><record xmlns="http://www.loc.gov/MARC21/slim" xmlns:cinclude="http://apache.org/cocoon/include/1.0" xmlns:zs="http://www.loc.gov/zing/srw/">
  <leader>00727cz  a2200193n  4500</leader>
  <controlfield tag="001">n  99021505 </controlfield>
  <controlfield tag="003">DLC</controlfield>
  <controlfield tag="005">20100518074909.0</controlfield>
  <controlfield tag="008">990317n| acannaabn          |a ana      </controlfield>
  <datafield tag="010" ind1=" " ind2=" ">
    <subfield code="a">n  99021505 </subfield>
  </datafield>
  <datafield tag="034" ind1=" " ind2=" ">
    <subfield code="d">W0732457</subfield>
    <subfield code="e">W0732457</subfield>
    <subfield code="f">N0451100</subfield>
    <subfield code="g">N0451100</subfield>
    <subfield code="2">geonames</subfield>
  </datafield>
  <datafield tag="035" ind1=" " ind2=" ">
    <subfield code="a">(OCoLC)oca04945860</subfield>
  </datafield>
  <datafield tag="040" ind1=" " ind2=" ">
    <subfield code="a">DLC</subfield>
    <subfield code="b">eng</subfield>
    <subfield code="c">DLC</subfield>
    <subfield code="d">OCoLC</subfield>
  </datafield>
  <datafield tag="043" ind1=" " ind2=" ">
    <subfield code="a">n-cn-qu</subfield>
  </datafield>
  <datafield tag="151" ind1=" " ind2=" ">
    <subfield code="a">Saint-Cyprien-de-Napierville (Québec)</subfield>
  </datafield>
  <datafield tag="451" ind1=" " ind2=" ">
    <subfield code="a">Saint-Cyprien (Québec)</subfield>
  </datafield>
  <datafield tag="670" ind1=" " ind2=" ">
    <subfield code="a">Saint-Cyprien, 175 ans, Napierville, c1997:</subfield>
    <subfield code="b">t.p. (Saint-Cyprien) Can CIP (Saint-Cyprien-de-Napierville (Québec))</subfield>
  </datafield>
  <datafield tag="670" ind1=" " ind2=" ">
    <subfield code="a">GeoNames, algorithmically matched, 2009</subfield>
    <subfield code="b">(ppl; 45°11ʹ00ʺN 073°24ʹ57ʺW)</subfield>
  </datafield>
  <datafield tag="781" ind1=" " ind2="0">
    <subfield code="z">Québec (Province)</subfield>
    <subfield code="z">Saint-Cyprien-de-Napierville</subfield>
  </datafield>
</record>